
@article{bucklerinpress,
  title={Automated plaque analysis for the prognostication of major adverse cardiac events},
  author={Schoepf, UJ and van Assen, M and Varga-Szemes, A and Duguay, TM and Hudson, HT and Egorova, S and Johnson, K and St. Pierre, S and Zaki, B and Oudkerk, M and Vliegenthart, R and Buckler, AJ},
  journal={European Journal of Radiology},
  year={in press}
}

@Book{xie2015,
  title = {Dynamic Documents with \textsf{R} and \textsf{knitr}},
  author = {Yihui X},
  publisher = {Chapman and Hall/CRC},
  address = {Boca Raton, Florida},
  year = {2015}
}
@article{knuth1984,
  title={Literate programming},
  author={Knuth, D},
  journal={The Computer Journal},
  volume={27},
  number={2},
  pages={97-111},
  year={1984},
  publisher={British Computer Society}
}
@article{meier2010short,
  title={Short term and intermediate term comparison of endarterectomy versus stenting for carotid artery stenosis: Systematic review and meta-analysis of randomised controlled clinical trials},
  author={Meier, P and Knapp, G and Tamhane, U and Chaturvedi, S and Gurm, H},
  journal={BMJ},
  volume={340},
  pages={c467},
  year={2010},
  publisher={British Medical Journal Publishing Group}
}
@article{kuhn2008caret,
  title={The \textsf{caret} package},
  author={Kuhn, M},
  journal={Journal of Statistical Software},
  volume={28},
  number={5},
  pages={1-26},
  year={2008}
}
@article{benjamini1995controlling,
  title={Controlling the false discovery rate: A practical and powerful approach to multiple testing},
  author={Benjamini, Y and Hochberg, Y},
  journal={Journal of the Royal Statistical Society. Series B (Methodological)},
  pages={289-300},
  year={1995},
  publisher={JSTOR}
}
@article{dickhaus2014simultaneous,
  title={Simultaneous Statistical Inference},
  author={Dickhaus, T},
  journal={AMC},
  volume={10},
  pages={12},
  year={2014},
  publisher={Springer}
}
@article{lian2012nascet,
  title={{NASCET} percent stenosis semi-automated versus manual measurement on {CTA}},
  author={Lian, K and White, J and Bartlett, E and Bharatha, A and Aviv, R and Fox, A and Symons, S},
  journal={The Canadian Journal of Neurological Sciences},
  volume={39},
  number={03},
  pages={343-346},
  year={2012},
  publisher={Cambridge Univ Press}
}
@inproceedings{levinson1998endarterectomy,
  title={Endarterectomy for preventing stroke in symptomatic and asymptomatic carotid stenosis. Review of clinical trials and recommendations for surgical therapy.},
  author={Levinson, M and Rodriguez, D},
  booktitle={The Heart Surgery Forum},
  pages={147-168},
  year={1998}
}
@article{eisenmenger2016prediction,
  title={Prediction of Carotid Intraplaque Hemorrhage Using Adventitial Calcification and Plaque Thickness on {CTA}},
  author={Eisenmenger, LB and Aldred, BW and Kim, S-E and Stoddard, GJ and De Havenon, A and Treiman, GS and Parker, Dennis L and McNally, JS},
  journal={American Journal of Neuroradiology},
  volume={37},
  number={8},
  pages={1496-1503},
  year={2016},
  publisher={Am Soc Neuroradiology}
}

@article{cilla2013comparison,
  title={Comparison of the vulnerability risk for positive versus negative atheroma plaque morphology},
  author={Cilla, M and Pena, E and Martinez, MA and Kelly, DJ},
  journal={Journal of Biomechanics},
  volume={46},
  number={7},
  pages={1248-1254},
  year={2013},
  publisher={Elsevier}
}

@article{abdeldayem2015positive,
  title={Positive remodeling index by {MSCT} coronary angiography: A prognostic factor for early detection of plaque rupture and vulnerability},
  author={Abdeldayem, E  and Ibrahim, A and Ahmed, A and Genedi, E and Tantawy, W},
  journal={The Egyptian Journal of Radiology and Nuclear Medicine},
  volume={46},
  number={1},
  pages={13-24},
  year={2015},
  publisher={Elsevier}
}

@article{Hill,
  Author = {A Hill and P LaPan and Y Li and S Haney},
  Journal = {BMC Bioinformatics},
  Number = {1},
  Pages = {340},
  Title = {Impact of Image Segmentation on High-Content Screening Data Quality for {SK}-{BR}-3 Cells},
  Volume = {8},
  Year = {2007}}

@Book{HosmerLemeshow,
  author  = {D Hosmer and S Lemeshow},
  title   = {Applied Logistic Regression},
  publisher = {John Wiley \& Sons},
  address = {New York},
  year    = {2000} 
} 

@article{kim2015okcupid,
  title={{OkCupid} data for introductory statistics and data science courses},
  author={Kim, A and Escobedo-Land, A},
  journal={Journal of Statistics Education},
  volume={23},
  number={2},
  pages={1-25},
  year={2015}
}

@article{fernandez2014we,
  title={Do we need hundreds of classifiers to solve real world classification problems?},
  author={Fernandez-Delgado, M and Cernadas, E and Barro, S and Amorim, D},
  journal={Journal of Machine Learning Research},
  volume={15},
  number={1},
  pages={3133-3181},
  year={2014}
}

@article{demvsar2006statistical,
  title={Statistical comparisons of classifiers over multiple data sets},
  author={Demsar, J},
  journal={Journal of Machine learning Research},
  volume={7},
  number={Jan},
  pages={1-30},
  year={2006}
}

@article{wolpert1996lack,
  title={The lack of a priori distinctions between learning algorithms},
  author={Wolpert, D},
  journal={Neural Computation},
  volume={8},
  number={7},
  pages={1341-1390},
  year={1996},
  publisher={MIT Press}
}

@book{apm,
  title={Applied Predictive Modeling},
  author={Kuhn, M and Johnson, K},
  year={2013},
  publisher={Springer}
}

@book{hastie2015statistical,
  title={Statistical Learning with Sparsity},
  author={Hastie, T and Tibshirani, R and Wainwright, M},
  year={2015},
  publisher={CRC press}
}

@article{lawrence1989concordance,
  title={A concordance correlation coefficient to evaluate reproducibility},
  author={Lawrence, I and Lin, K},
  journal={Biometrics},
  pages={255-268},
  year={1989}
}

@book{Agresti:2002vi,
author = {Agresti, A},
title = {{Categorical Data Analysis}},
publisher = {Wiley-Interscience},
year = {2012}
}

@article{Altman:1994vw,
author = {Altman, DG and Bland, JM},
title = {{Diagnostic tests. 1: Sensitivity and specificity.}},
journal = {BMJ: British Medical Journal},
year = {1994},
volume = {308},
number = {6943},
pages = {1552},
}

@article{Altman:1994uv,
author = {Altman, DG and Bland, JM},
title = {{Diagnostic tests 3: Receiver operating characteristic plots}},
journal = {BMJ: British Medical Journal},
year = {1994},
volume = {309},
number = {6948},
pages = {188}
}

@article{Efron:1997tc,
author = {Efron, B and Tibshirani, R},
title = {{Improvements on cross-validation: The 632+ bootstrap method}},
journal = {Journal of the American Statistical Association},
year = {1997},
pages = {548-560}
}

@article{Efron:1983ul,
author = {Efron, B},
title = {{Estimating the error rate of a prediction rule: {I}mprovement on cross-validation}},
journal = {Journal of the American Statistical Association},
year = {1983},
pages = {316-331}
}

@book{rasmussen2006gaussian,
  title={Gaussian Processes for Machine Learning},
  author={Rasmussen, C and Williams, C},
  year={2006},
  publisher={MIT press Cambridge}
}

@book{kruschke2014doing,
  title={Doing {Bayesian} Data Analysis: A tutorial with \textsf{R}, \textsf{JAGS}, and \textsf{Stan}},
  author={Kruschke, J},
  year={2014},
  publisher={Academic Press}
}

@book{west2014linear,
  title={Linear Mixed Models: A Practical Guide using Statistical Software},
  author={West, Band Welch, K and Galecki, A},
  year={2014},
  publisher={CRC Press}
}

@article{Hothorn2005vy,
author = {Hothorn, T and Leisch, F and Zeileis, A and Hornik, K},
title = {{The design and analysis of benchmark experiments}},
journal = {Journal of Computational and Graphical Statistics},
year = {2005},
volume = {14},
number = {3},
pages = {675-699}
}


@book{Forecasting,
  title={Forecasting: Principles and Practice},
  author={Hyndman, R  and Athanasopoulos, G },
  year={2013},
  publisher={OTexts}
}

@book{BHH,
  title={Statistics for Experimenters: An Introduction to Design, Data Analysis, and Model Building},
  author={Box, GEP and Hunter, W  and Hunter, J},
  year={2005},
  publisher={Wiley}
}

@inproceedings{weinberger2009feature,
  title={Feature hashing for large scale multitask learning},
  author={Weinberger, K and Dasgupta, A and Langford, J and Smola, A and Attenberg, J},
  booktitle={Proceedings of the 26th Annual International Conference on Machine Learning},
  pages={1113-1120},
  year={2009},
  organization={ACM}
}

@article{timm1975analysis,
  title={Analysis of Variance Through Full Rank Models},
  author={Timm, N and Carlson, J},
  journal={Multivariate behavioral research monographs},
  year={1975},
  publisher={Society of Multivariate Experimental Psychology}
}


@book{friendly2015discrete,
  title={Discrete Data Analysis with R: Visualization and Modeling Techniques for Categorical and Count Data},
  author={Friendly, M and Meyer, D},
  year={2015},
  publisher={CRC Press}
}

@article{Altman:1994vv,
author = {Altman, DG and Bland, JM},
title = {{Statistics Notes: Diagnostic tests 2: Predictive values}},
journal = {British Medical Journal},
year = {1994},
volume = {309},
number = {6947},
pages = {102},
}

@BOOK{cart,
  author        = {L. Breiman and J. Friedman and R. Olshen and C. Stone},
  title         = {{Classification and Regression Trees}},
  publisher     = {Chapman and Hall},
  address       = {New York},
  year          = {1984},
  pages         = {358}}

 @book{quinlan1993c4,
  title={\textsf{C4.5}: Programs for Machine Learning},
  author={R Quinlan},
  year={1993},
  publisher={Morgan Kaufmann Publishers}
}
 
@book{mackay2003information,
  title={Information Theory, Inference and Learning Algorithms},
  author={MacKay, D},
  year={2003},
  publisher={Cambridge University Press}
} 

@book{christopher2008introduction,
  title={Introduction to Information Retrieval},
  author={Christopher, D  and Prabhakar, R and Hinrich, S},
  year={2008},
  publisher={Cambridge University Press}
}

@book{davison1997bootstrap,
  title={Bootstrap Methods and their Application},
  author={Davison, A  and Hinkley, D },
  year={1997},
  publisher={Cambridge University Press}
}

@article{bergstra2012random,
  title={Random search for hyper-parameter optimization},
  author={Bergstra, J and Bengio, Y},
  journal={Journal of Machine Learning Research},
  volume={13},
  pages={281-305},
  year={2012}
}

@inbook {GlobalSearch,
title = {Global Search Algorithms},
author = {Chong, E and Zak, S},
publisher = {John Wiley \& Sons, Inc.},
booktitle = {An Introduction to Optimization},
year = {2008}
}

@article{mockus1994application,
  title={Application of {Bayesian} approach to numerical methods of global and stochastic optimization},
  author={Mockus, J},
  journal={Journal of Global Optimization},
  volume={4},
  number={4},
  pages={347-365},
  year={1994},
  publisher={Springer}
}

@article{jones1998efficient,
  title={Efficient global optimization of expensive black-box functions},
  author={Jones, D and Schonlau, M and Welch, W},
  journal={Journal of Global Optimization},
  volume={13},
  number={4},
  pages={455-492},
  year={1998},
  publisher={Springer}
}

@inproceedings{snoek2012practical,
  title={Practical {Bayesian} optimization of machine learning algorithms},
  author={Snoek, J and Larochelle, H and Adams, R},
  booktitle={Advances in Neural Information Processing Systems},
  pages={2951-2959},
  year={2012}
}

@article{benavoli2016time,
  title={Time for a change: A tutorial for comparing multiple classifiers through {Bayesian} analysis},
  author={Benavoli, A and Corani, G and Demsar, J and Zaffalon, M},
  journal={arXiv.org},
  year={2016}
}

@Article{Boulesteix2009,
author="Boulesteix, AL and Strobl, C",
title="Optimal classifier selection and negative bias in error rate estimation: An empirical study on high-dimensional prediction",
journal="BMC Medical Research Methodology",
year="2009",
volume="9",
number="1",
pages="85"
}

@book{Goodfellow,
    title={Deep Learning},
    author={Goodfellow, I and Bengio, Y and Courville, A},
    publisher={MIT Press},
    year={2016}
}

@book{haase2011multivariate,
  author={Haase, R},
  title={Multivariate General Linear Models},
  year={2011},
  publisher={Sage}
}

@book{silge2017text,
  title={Text Mining with \textsf{R}: A Tidy Approach},
  author={Silge, J and Robinson, D},
  year={2017},
  publisher={O'Reilly}
}

@article{lewis2004rcv1,
  title={\textsf{Rcv1}: A new benchmark collection for text categorization research},
  author={Lewis, D and Yang, Y and Rose, T and Li, F},
  journal={Journal of Machine Learning Research},
  volume={5},
  pages={361-397},
  year={2004}
}

@article{willett2006porter,
  title={The {Porter} stemming algorithm: Then and now},
  author={Willett, P},
  journal={Program},
  volume={40},
  number={3},
  pages={219-223},
  year={2006}
}

@article{amati2002probabilistic,
  title={Probabilistic models of information retrieval based on measuring the divergence from randomness},
  author={Amati, G and Van R, Cornelis J},
  journal={ACM Transactions on Information Systems},
  volume={20},
  number={4},
  pages={357-389},
  year={2002}
}

@book{efron2016computer,
  title={Computer Age Statistical Inference},
  author={Efron, B and Hastie, T},
  year={2016},
  publisher={Cambridge University Press}
}

@book{greenacre2017correspondence,
  title={Correspondence Analysis in Practice},
  author={Greenacre, M},
  year={2017},
  publisher={CRC press}
}

@article{hintze1998violin,
  title={Violin plots: A box plot-density trace synergism},
  author={Hintze, J and Nelson, R},
  journal={The American Statistician},
  volume={52},
  number={2},
  pages={181-184},
  year={1998},
  publisher={Taylor \& Francis Group}
}


@book{tukey1977exploratory,
  title={Exploratory data analysis},
  author={Tukey, John W},
  year={1977},
  publisher={Reading, Mass.}
}


@article{frigge1989some,
  title={Some implementations of the boxplot},
  author={Frigge, M and Hoaglin, D and Iglewicz, B},
  journal={The American Statistician},
  volume={43},
  number={1},
  pages={50-54},
  year={1989},
  publisher={Taylor \& Francis}
}

@misc{USCensusChicago,
  author = {{United States Census Bureau}},
  title = {{Chicago} Illinois population estimates},
  howpublished = {\url{https://tinyurl.com/y8s2y4bh}},
  note = {Accessed: 2017-09-20},
  year={2017}
}

@misc{EIA,
  author = {{U.S. Energy Information Administration}},
  title = {Weekly {Chicago} All grades all formulations retail gasoline prices},
  howpublished = {\url{https://tinyurl.com/ydctltn4}},
  note = {Accessed: 2017-09-20},
  year={2017}
}

@misc{EIASupply,
  author = {{U.S. Energy Information Administration}},
  title = {What drives crude oil prices?},
  howpublished = {\url{https://tinyurl.com/supply-opec}},
  note = {Accessed: 2017-10-16},
  year={2017}
}


@book{dillon1984multivariate,
  title={Multivariate Analysis Methods and Applications},
  author={Dillon, W and Goldstein, M},
  year={1984},
  publisher={Wiley}
}

@article{massy1965principal,
  title={Principal components regression in exploratory statistical research},
  author={Massy, W},
  journal={Journal of the American Statistical Association},
  volume={60},
  number={309},
  pages={234-256},
  year={1965},
  publisher={Taylor \& Francis}
}


@article{stone1990continuum,
  title={Continuum regression: Cross-validated sequentially constructed prediction embracing ordinary least squares, partial least squares and principal components regression},
  author={Stone, M and Brooks, R},
  journal={Journal of the Royal Statistical Society. Series B (Methodological)},
  pages={237-269},
  year={1990},
  publisher={JSTOR}
}

@article{hothorn2006unbiased,
  title={Unbiased recursive partitioning: A conditional inference framework},
  author={Hothorn, T and Hornik, K and Zeileis, A},
  journal={Journal of Computational and Graphical Statistics},
  volume={15},
  number={3},
  pages={651-674},
  year={2006},
  publisher={Taylor \& Francis}
}

@article{friedman2002stochastic,
  title={Stochastic gradient boosting},
  author={Friedman, J},
  journal={Computational Statistics \& Data Analysis},
  volume={38},
  number={4},
  pages={367-378},
  year={2002},
  publisher={Elsevier}
}


@article{breiman2001random,
  title={Random forests},
  author={Breiman, L},
  journal={Machine Learning},
  volume={45},
  number={1},
  pages={5-32},
  year={2001},
  publisher={Springer}
}

@Article{Strobl2007,
author="Strobl, C
and Boulesteix, AL
and Zeileis, A
and Hothorn, T",
title="Bias in random forest variable importance measures: Illustrations, sources and a solution",
journal="BMC Bioinformatics",
year="2007",
month="Jan",
day="25",
volume="8",
number="1",
pages="25"
}

@article{breiman1996bagging,
  title={Bagging predictors},
  author={Breiman, L},
  journal={Machine Learning},
  volume={24},
  number={2},
  pages={123-140},
  year={1996},
  publisher={Springer}
}

@article{Kvalseth:1985p1685,
  Author = {T Kvalseth},
  Journal = {American Statistician},
  Number = {4},
  Pages = {279-285},
  Title = {Cautionary Note About {$R^2$}},
  Volume = {39},
  Year = {1985}}


@article{JMLR:v15:srivastava14a,
  author  = {Nitish, S and Geoffrey, H and Alex, K and Ilya, S and Ruslan, S},
  title   = {Dropout: A Simple Way to Prevent Neural Networks from Overfitting},
  journal = {Journal of Machine Learning Research},
  year    = {2014},
  volume  = {15},
  pages   = {1929-1958}
}


@book{neter1996applied,
  title={Applied Linear Statistical Models},
  author={Neter, J and Kutner, M and Nachtsheim, C and Wasserman, W},
  year={1996},
  publisher={Irwin {Chicago}}
}

@book{tufte1990envisioning,
  title = {Envisioning Information},
  author = {Tufte, E},
  publisher = {Graphics Press},
  address = {Cheshire, Connecticut},
  year = {1990}
}

@book{cleveland1993visualizing,
  title = {Visualizing Data},
  author = {Cleveland, W},
  publisher = {Hobart Press},
  address = {Summit, New Jersey},
  year = {1993}
}

@article{cleveland1979robust,
  title = {Robust locally weighted regression and smoothing scatterplots},
  author = {Cleveland, W},
  journal = {Journal of the American Statistical Association},
  volume = {74},
  number = {368},
  pages = {829-836},
  year = {1979}
}

@Book{hampel1972robust,
  title = {Robust Estimates of Location},
  author = {Hampel, D and Andrews, P and Bickel, F and Rogers, P and Huber, W and Turkey, J},
  publisher = {Princeton University Press},
  address = {Princeton, New Jersey},
  year = {1972}
}

@article{rousseeuw1993alternatives,
  title = {Alternatives to the median absolute deviation},
  author = {Rousseeuw, P and Croux, C},
  journal = {Journal of the American Statistical Association},
  volume = {88},
  number = {424},
  pages = {1273-1283},
  year = {1993}
}

@article{shao1993linear,
  title = {Linear model selection by cross-validation},
  author = {Shao, J},
  journal = {Journal of the American Statistical Association},
  volume = {88},
  number = {422},
  pages = {486-494},
  year = {1993}
}

@inproceedings{preneel2010cryptographic,
  title={Cryptographic Hash Functions: Theory and Practice.},
  author={Preneel, B},
  booktitle={ICICS},
  pages={1-3},
  year={2010}
}

@article{scholkopf1998nonlinear,
  title = {Nonlinear component analysis as a kernel eigenvalue problem},
  author = {Sch{\"o}lkopf, B and Smola, A and M{\"u}ller, KR},
  journal = {Neural Computation},
  volume = {10},
  number = {5},
  pages = {1299-1319},
  year = {1998},
  publisher = {MIT Press}
}

@book{shawe2004kernel,
  title = {Kernel Methods for Pattern Analysis},
  author = {Shawe-Taylor, J and Cristianini, N},
  year = {2004},
  publisher = {Cambridge University Press}
}

@inproceedings{NairH10,
  author = {Nair, V and Hinton, G.},
  booktitle = {Proceedings of the 27th International Conference on Machine Learning},
  editor = {Furnkranz, J and Joachims, T},
  pages = {807-814},
  publisher = {Omnipress},
  title = {Rectified Linear Units Improve Restricted Boltzmann Machines.},
  year = 2010
}

@article{Friedman:1991p109,
	Author = {J Friedman},
	Journal = {The Annals of Statistics},
	Number = {1},
	Pages = {1-141},
	Title = {Multivariate Adaptive Regression Splines},
	Volume = {19},
	Year = {1991}}

 @article{yeo2000new,
  title={A new family of power transformations to improve normality or symmetry},
  author={Yeo, I-K and Johnson, R},
  journal={Biometrika},
  volume={87},
  number={4},
  pages={954-959},
  year={2000}
}

@article{BoxCox,
author = {{GEP} Box and D Cox},
journal = {Journal of the Royal Statistical Society. Series B (Methodological)},
title = {An Analysis of Transformations},
pages = {211-252},
year = {1964}
}

@Article{Kenny2013,
author="Kenny, P and Montanari, C",
title="Inflation of correlation in the pursuit of drug-likeness",
journal="Journal of Computer-Aided Molecular Design",
year="2013",
volume="27",
number="1",
pages="1-13"
}

@article{altman1991,
  author="D Altman",
  title = "Categorising continuous variables",
  journal = "British Journal of Cancer",
  year = "1991",
  volume = "64",
  number = "5",
  pages = "975"
}

@article{Altman1994,
author = {D Altman and B Lausen and W Sauerbrei and M Schumacher},
title = {Dangers of using "optimal" cutpoints in the evaluation of prognostic factors},
journal = {Journal of the National Cancer Institute},
volume = {86},
number = {11},
pages = {829-835},
year = {1994}
}


@book{wood2006,
  title = {Generalized Additive Models: An Introduction with \textsf{R}},
  author = {Wood, S},
  year = {2006},
  publisher = {Chapman and Hall/CRC}
}

@article{yandell1993smoothing,
  title={Smoothing splines - a tutorial},
  author={Yandell, B},
  journal={The Statistician},
  pages={317-319},
  year={1993}
}

@article{eilers2010splines,
  title={Splines, knots, and penalties},
  author={Eilers, P and Marx, B},
  journal={Wiley Interdisciplinary Reviews: Computational Statistics},
  volume={2},
  number={6},
  pages={637-653},
  year={2010}
}


@article{golub1979generalized,
  title={Generalized cross-validation as a method for choosing a good ridge parameter},
  author={Golub, G and Heath, M and Wahba, G},
  journal={Technometrics},
  volume={21},
  number={2},
  pages={215-223},
  year={1979}
}

@article{abdi2010principal,
  title={Principal component analysis},
  author={Abdi, H and Williams, L},
  journal={Wiley Interdisciplinary Reviews: Computational Statistics},
  volume={2},
  number={4},
  pages={433-459},
  year={2010}
}

@inproceedings{caputo2002appearance,
  title={Appearance-based object recognition using SVMs: {Which} kernel should {I} use?},
  author={Caputo, B and Sim, K and Furesjo, F and Smola, A},
  booktitle={Proceedings of NIPS Workshop on Statistical Methods for Computational Experiments in Visual Processing and Computer Vision},
  volume={2002},
  year={2002}
}

@book{lee1998independent,
  title={Independent Component Analysis},
  author={Lee, T-W},
  year={1998},
  publisher={Springer}
}

@article{hyvarinen2000independent,
  title={Independent component analysis: Algorithms and applications},
  author={Hyvarinen, A and Oja, E},
  journal={Neural Networks},
  volume={13},
  number={4-5},
  pages={411-430},
  year={2000},
  publisher={Elsevier}
}

@book{roberts2001independent,
  title={Independent Component Analysis: Principles and Practice},
  author={Roberts, S and Everson, R},
  year={2001},
  publisher={Cambridge University Press}
}


@article{gillis2017introduction,
  title={Introduction to Nonnegative Matrix Factorization},
  author={Gillis, N},
  journal={arXiv preprint arXiv:1703.00663},
  year={2017}
}

@article{fogel,
author = { P   Fogel  and  D Hawkins  and  C  Beecher  and  G   Luta  and  S   Young },
title = {A tale of two matrix factorizations},
journal = {The American Statistician},
volume = {67},
number = {4},
pages = {207-218},
year  = {2013},
publisher = {Taylor & Francis}
}

@book{cover2012elements,
  title={Elements of Information Theory},
  author={Cover, T and Thomas, J},
  year={2012},
  publisher={John Wiley and Sons}
}

@book{goodfellow2016deep,
  title={Deep Learning},
  author={Goodfellow, I and Bengio, Y and Courville, A and Bengio, Y},
  year={2016},
  publisher={MIT press Cambridge}
}

@book{christopher2016pattern,
  title={Pattern Recognition and Machine Learning},
  author={C Bishop},
  year={2011},
  publisher={Springer}
}

@book{DLiR,
  title={Deep Learning with \textsf{R}},
  author={F Chollet and JJ Allaire},
  year={2018},
  publisher={Manning}
}

@article{karthikeyan2005general,
  title={General melting point prediction based on a diverse compound data set and artificial neural networks},
  author={Karthikeyan, M and Glen, R and Bender, A},
  journal={Journal of Chemical Information and Modeling},
  volume={45},
  number={3},
  pages={581-590},
  year={2005}
}

@article{Serneels2006p1573,
  Author = {S Serneels and E De Nolf and P Van Espen},
  Journal = {Journal of Chemical Information and Modeling},
  Number = {3},
  Pages = {1402-1409},
  Title = {Spatial sign preprocessing: A simple way to impart moderate robustness to multivariate estimators},
  Volume = {46},
  Year = {2006}}

@article{reid2015morphometric,
  title={A morphometric modeling approach to distinguishing among bobcat, coyote and gray fox scats},
  author={Reid, R},
  journal={Wildlife Biology},
  volume={21},
  number={5},
  pages={254-262},
  year={2015},
  publisher={BioOne}
}

@article{mozharovskyi2015classifying,
  title={Classifying real-world data with the {DD}$\alpha$-procedure},
  author={Mozharovskyi, P and Mosler, K and Lange, T},
  journal={Advances in Data Analysis and Classification},
  volume={9},
  number={3},
  pages={287-314},
  year={2015},
  publisher={Springer}
}

@article{ghosh2005data,
  title={On data depth and distribution-free discriminant analysis using separating surfaces},
  author={Ghosh, A K and Chaudhuri, P},
  journal={Bernoulli},
  volume={11},
  number={1},
  pages={1-27},
  year={2005}
}

@article{elith2008working,
  title={A working guide to boosted regression trees},
  author={Elith, J and Leathwick, J and Hastie, T},
  journal={Journal of Animal Ecology},
  volume={77},
  number={4},
  pages={802-813},
  year={2008},
  publisher={Wiley Online Library}
}

@article{garcia2009evaluating,
  title={Evaluating the Ability of Tree-Based Methods and Logistic Regression for the Detection of {SNP-SNP} Interaction},
  author={Garc{\'\i}a-Magari{\~n}os, M and L{\'o}pez-de-Ullibarri, I and Cao, R and Salas, A},
  journal={Annals of Human Genetics},
  volume={73},
  number={3},
  pages={360-369},
  year={2009},
  publisher={Wiley Online Library}
}

@article{lampa2014identification,
  title={The identification of complex interactions in epidemiology and toxicology: A simulation study of boosted regression trees},
  author={Lampa, E and Lind, L and Lind, P and Bornefalk-Hermansson, A},
  journal={Environmental Health},
  volume={13},
  number={1},
  pages={57},
  year={2014},
  publisher={BioMed Central}
}

@article{chen2008support,
  title={A support vector machine approach for detecting gene-gene interaction},
  author={Chen, SH and Sun, J and Dimitrov, L and Turner, A and Adams, T and Meyers, D and Chang, BL and Zheng, S and Gr{\"o}nberg, H and Xu, J and others},
  journal={Genetic Epidemiology},
  volume={32},
  number={2},
  pages={152-167},
  year={2008},
  publisher={Wiley Online Library}
}

@book{wu2011experiments,
  title={Experiments: Planning, Analysis, and Optimization},
  author={Wu, CF Jeff and Hamada, Michael S},
  year={2011},
  publisher={John Wiley \& Sons}
}

@article{bairey2016high,
  title={High-order species interactions shape ecosystem diversity},
  author={Bairey, E and Kelsic, E and Kishony, R},
  journal={Nature Communications},
  volume={7},
  pages={12285},
  year={2016}
}

@book{greenacre2010biplots,
  title={Biplots in Practice},
  author={Greenacre, M},
  year={2010},
  publisher={Fundacion BBVA}
}

@article{Tian2014,
  author = {Tian, L and Alizadeh, A and Gentles, A and Tibshirani, R},
  title = {A simple method for estimating interactions between a treatment and a large number of covariates},
  journal = {Journal of the American Statistical Association},
  volume = {109},
  number = {508},
  pages = {1517-1532},
  year  = {2014}
}

@article{thomson2011not,
  title={Not a walk in the park: {The ECVAM} whole embryo culture model challenged with pharmaceuticals and attempted improvements with random forest design},
  author={Thomson, J and Johnson, K and Chapin, R and Stedman, D and Kumpf, S and Ozolin{\v{s}}, T},
  journal={Birth Defects Research Part B: Developmental and Reproductive Toxicology},
  volume={92},
  number={2},
  pages={111-121},
  year={2011}
}

@article{stankovic2015investment,
  title={Investment strategy optimization using technical analysis and predictive modeling in emerging markets},
  author={Stankovi{\'c}, J and Markovi{\'c}, I and Stojanovi{\'c}, M},
  journal={Procedia Economics and Finance},
  volume={19},
  pages={51-62},
  year={2015}
}

@article{jahani2016comparison,
  title={Comparison of predictive models for the early diagnosis of diabetes},
  author={Jahani, M and Mahdavi, M},
  journal={Healthcare Informatics Research},
  volume={22},
  number={2},
  pages={95-100},
  year={2016}
}

@article{luo2016automatically,
  title={Automatically explaining machine learning prediction results: A demonstration on {Type 2} diabetes risk prediction},
  author={Luo, G},
  journal={Health Information Science and Systems},
  volume={4},
  number={1},
  pages={2},
  year={2016}
}

@misc{Raimondi2010,
  author = {Raimondi, C},
  title = {How {I} won the predict {HIV} Progression data mining competition},
  howpublished = {\url{http://blog.kaggle.com/2010/08/09/how-i-won-the-hiv-progression-prediction-data-mining-competition/}},
  note = {Accessed: 2018-05-11},
  year={2010}
}

@incollection{qi2012random,
  title={Random forest for bioinformatics},
  author={Qi, Y},
  booktitle={Ensemble Machine Learning},
  pages={307-323},
  year={2012},
  publisher={Springer}
}

@article{basu2018iterative,
  title={Iterative Random Forests to discover predictive and stable high-order interactions},
  author={Basu, S and Kumbier, K and Brown, J and Yu, B},
  journal={Proceedings of the National Academy of Sciences},
  volume={115},
  number={8},
  pages={1943-1948},
  year={2018}
}

@article{friedman2008predictive,
  title={Predictive learning via rule ensembles},
  author={Friedman, J and Popescu, B},
  journal={The Annals of Applied Statistics},
  volume={2},
  number={3},
  pages={916-954},
  year={2008}
}

@article{friedman2001greedy,
  title={Greedy function approximation: A gradient boosting machine},
  author={J Friedman},
  journal={Annals of Statistics},
  pages={1189-1232},
  year={2001}
}

@article{miller1984selection,
  title={Selection of subsets of regression variables},
  author={Miller, A},
  journal={Journal of the Royal Statistical Society. Series A (General)},
  pages={389-425},
  year={1984}
}

@article{hawkins1994feasible,
  title={The feasible solution algorithm for least trimmed squares regression},
  author={Hawkins, D},
  journal={Computational Statistics \& Data Analysis},
  volume={17},
  number={2},
  pages={185-196},
  year={1994}
}

@article{hoerl1970ridge,
  title={Ridge regression: Biased estimation for nonorthogonal problems},
  author={Hoerl, Aand Kennard, R},
  journal={Technometrics},
  volume={12},
  number={1},
  pages={55-67},
  year={1970}
}

@article{tibshirani1996regression,
  title={Regression shrinkage and selection via the lasso},
  author={Tibshirani, R},
  journal={Journal of the Royal Statistical Society. Series B (Methodological)},
  pages={267-288},
  year={1996}
}

@article{bien2013lasso,
  title={A lasso for hierarchical interactions},
  author={Bien, J and Taylor, J and Tibshirani, R},
  journal={Annals of Statistics},
  volume={41},
  number={3},
  pages={1111},
  year={2013}
}

@article{friedman2010regularization,
  title={Regularization paths for generalized linear models via coordinate descent},
  author={Friedman, J and Hastie, T and Tibshirani, R},
  journal={Journal of statistical Software},
  volume={33},
  number={1},
  pages={1},
  year={2010}
}

@ARTICLE{2016arXiv160406737G,
   author = {{Guo}, C and {Berkhahn}, F},
    title = "{Entity embeddings of categorical variables}",
  journal={arXiv.org},
     year = 2016
}


@ARTICLE{2016arXiv161109477Z,
   author = {{Zumel}, N. and {Mount}, J.},
    title = "{\textsf{vtreat}: A data.frame processor for predictive modeling}",
  journal={arXiv.org},
     year = 2016
}


@book{Rethinking,
  title={Statistical Rethinking: A {Bayesian} Course with Examples in \textsf{R} and \textsf{Stan}},
  author={R McElreath},
  year={2015},
  publisher={Chapman and Hall/CRC}
}


@article{Micci-Barreca2001,
 author = {Micci-Barreca, D},
 title = {A preprocessing scheme for high-cardinality categorical attributes in classification and prediction problems},
 journal = {ACM SIGKDD Explorations Newsletter},
 volume = {3},
 number = {1},
 year = {2001},
 pages = {27-32}
} 

@article{sapp2014subsemble,
  title={Subsemble: An ensemble method for combining subset-specific algorithm fits},
  author={Sapp, S and van der Laan, Mark J M and Canny, J},
  journal={Journal of Applied Statistics},
  volume={41},
  number={6},
  pages={1247-1259},
  year={2014},
  publisher={Taylor and Francis}
}

@article{gower1971general,
  title={A general coefficient of similarity and some of its properties},
  author={Gower, J},
  journal={Biometrics},
  pages={857-871},
  year={1971}
}

@book{little2014statistical,
  title={Statistical Analysis with Missing Data},
  author={Little, R and Rubin, D},
  year={2014},
  publisher={John Wiley and Sons}
}

@book{van2012flexible,
  title={Flexible Imputation of Missing Data},
  author={Van Buuren, S},
  year={2012},
  publisher={Chapman and Hall/CRC}
}

@book{allison2001missing,
  title={Missing Data},
  author={Allison, P},
  year={2001},
  publisher={Sage Publications}
}

@article{tutz2015improved,
  title={Improved methods for the imputation of missing data by nearest neighbor methods},
  author={Tutz, G and Ramzan, S},
  journal={Computational Statistics and Data Analysis},
  volume={90},
  pages={84-99},
  year={2015},
  publisher={Elsevier}
}

@article{eskelson2009roles,
  title={The roles of nearest neighbor methods in imputing missing data in forest inventory and monitoring databases},
  author={Eskelson, B and Temesgen, H and Lemay, V and Barrett, TT and Crookston, N and Hudak, A},
  journal={Scandinavian Journal of Forest Research},
  volume={24},
  number={3},
  pages={235-246},
  year={2009},
  publisher={Taylor AND Francis}
}

@article{stekhoven2011missforest,
  title={\textsf{MissForest} - non-parametric missing value imputation for mixed-type data},
  author={Stekhoven, D and Buhlmann, P},
  journal={Bioinformatics},
  volume={28},
  number={1},
  pages={112-118},
  year={2011},
  publisher={Oxford University Press}
}

@article{audigier2016principal,
  title={A principal component method to impute missing values for mixed data},
  author={Audigier, Vincent and Husson, Fran{\c{c}}ois and Josse, Julie},
  journal={Advances in Data Analysis and Classification},
  volume={10},
  number={1},
  pages={5-26},
  year={2016},
  publisher={Springer}
}

@article{shaffer1995multiple,
  title={Multiple hypothesis testing},
  author={Shaffer, J},
  journal={Annual Review of Psychology},
  volume={46},
  number={1},
  pages={561-584},
  year={1995}
}

@article{schofield2016comparing,
  title={Comparing apples to apple: The effects of stemmers on topic models},
  author={Schofield, A and Mimno, D},
  journal={Transactions of the Association for Computational Linguistics},
  volume={4},
  pages={287-300},
  year={2016}
}

@inproceedings{schofield2017understanding,
  title={Understanding text pre-processing for latent {Dirichlet} allocation},
  author={Schofield, A and Magnusson, M and Mimno, D},
  booktitle={{Proceedings of the 15th Conference of the European chapter of the Association for Computational Linguistics}},
  volume={2},
  pages={432-436},
  year={2017}
}

@article{lambert2018fsa,
  title={\textsf{rFSA}: An \textsf{R} Package for finding best subsets and interactions},
  author={Lambert, J and Gong, L and Elliot, CF and Thompson, K and Stromberg, A},
  journal={The R Journal},
  year={2018}
}

@article{sathyanarayana2016sleep,
  title={Sleep quality prediction from wearable data using deep learning},
  author={Sathyanarayana, Aarti and Joty, Shafiq and Fernandez-Luque, Luis and Ofli, Ferda and Srivastava, Jaideep and Elmagarmid, Ahmed and Arora, Teresa and Taheri, Shahrad},
  journal={JMIR mHealth and uHealth},
  volume={4},
  number={4},
  year={2016}
}

@inproceedings{chato2017machine,
  title={Machine learning and deep learning techniques to predict overall survival of brain tumor patients using {MRI} images},
  author={Chato, Lina and Latifi, Shahram},
  booktitle={2017 IEEE 17th International Conference on Bioinformatics and Bioengineering},
  pages={9-14},
  year={2017}
}

@misc{Marr2017,
  author = {Marr, B},
  title = {{IoT} and big data at {Catepillar}:  How predictive maintenance saves millions of dollars},
  howpublished = {\url{https://www.forbes.com/sites/bernardmarr/2017/02/07/iot-and-big-data-at-caterpillar-how-predictive-maintenance-saves-millions-of-dollars/#109576a27240}},
  note = {Accessed: 2018-10-23},
  year={2017}
}

@article{berry2015cross,
  title={Cross-scale predictive modeling of CHO cell culture growth and metabolites using {Raman} spectroscopy and multivariate analysis},
  author={Berry, B and Moretto, J and Matthews, T and Smelko, J and Wiltberger, K},
  journal={Biotechnology Progress},
  volume={31},
  number={2},
  pages={566-577},
  year={2015}
}

@article{henrique2018stock,
  title={Stock price prediction using support vector regression on daily and up to the minute prices},
  author={Henrique, B and Sobreiro, V and Kimura, H},
  journal={The Journal of Finance and Data Science},
  year={2018},
  publisher={Elsevier}
}



@article{Ambroise,
	Author = {C Ambroise and G McLachlan},
	Journal = {Proceedings of the National Academy of Sciences},
	Number = {10},
	Pages = {6562-6566},
	Title = {Selection bias in gene extraction on the basis of microarray gene-expression eata},
	Volume = {99},
	Year = {2002}}

@article{Guyon,
	Author = {I Guyon and J Weston and S Barnhill and V Vapnik},
	Journal = {Machine Learning},
	Number = {1},
	Pages = {389-422},
	Title = {Gene selection for cancer classification using support vector machines},
	Volume = {46},
	Year = {2002}}


@article{Shen,
author = {Shen, H and Welch, W and Hughes-Oliver, J},
title = {{Efficient, adaptive cross-validation for tuning and comparing models, with application to drug discovery}},
journal = {The Annals of Applied Statistics},
year = {2011},
volume = {5},
number = {4},
pages = {2668-2687}
}

@incollection{Maron,
author = {Maron, O and Moore, A},
title = {{The racing algorithm: Model selection for lazy learners}},
booktitle = {Lazy Learning},
year = {1997},
pages = {193-225}
}

@article{kuhn2014futility,
  title={Futility analysis in the cross-validation of machine learning models},
  author={Kuhn, M},
  journal={arXiv preprint arXiv:1405.6974},
  year={2014}
}

@article{krueger2015fast,
  title={Fast cross-validation via sequential testing},
  author={Krueger, T and Panknin, D and Braun, M},
  journal={Journal of Machine Learning Research},
  volume={16},
  number={1},
  pages={1103-55},
  year={2015}
}


@book{spall,
author = {J Spall},
publisher = {John Wiley and Sons},
title = {Simultaneous Perturbation Stochastic Approximation},
year = {2005}
}


@book{Weise,
author = {T Weise},
title = {Global Optimization Algorithms - Theory and Application},
year = {2011},
publisher = {www.it-weise.de}
}


@article{Sakar,
title = "A comparative analysis of speech signal processing algorithms for {Parkinson}’s disease classification and the use of the tunable {Q}-factor wavelet transform",
journal = "Applied Soft Computing",
volume = "74",
pages = "255 - 263",
year = "2019",
author = "C Sakar and G Serbes and A Gunduz and H Tunc and H Nizam and B Sakar and M Tutuncu and T Aydin and E Isenkul and H Apaydin"
}

@article{murrell2016discovering,
  title={Discovering general multidimensional associations},
  author={Murrell, B and Murrell, D and Murrell, H},
  journal={PloS one},
  volume={11},
  number={3},
  pages={e0151551},
  year={2016}
}


@article{reshef2011detecting,
  title={Detecting novel associations in large data sets},
  author={Reshef, D and Reshef, Y and Finucane, H and Grossman, S and McVean, G and Turnbaugh, P and Lander, E and Mitzenmacher, M and Sabeti, P},
  journal={Science},
  volume={334},
  number={6062},
  pages={1518-1524},
  year={2011}
}

@article{catscore,
author = {Zuber, V and Strimmer, K},
title = {Gene ranking and biomarker discovery under correlation},
journal = {Bioinformatics},
volume = {25},
number = {20},
pages = {2700-2707},
year = {2009}
}

@article{opgen2007accurate,
  title={Accurate ranking of differentially expressed genes by a distribution-free shrinkage approach},
  author={Opgen-Rhein, R and Strimmer, K},
  journal={Statistical Applications in Genetics and Molecular Biology},
  volume={6},
  number={1},
  year={2007},
  publisher={De Gruyter}
}

@article{zhu2009introduction,
  title={Introduction to semi-supervised learning},
  author={Zhu, Xiaojin and Goldberg, Andrew B},
  journal={Synthesis Lectures on Artificial Intelligence and Machine Learning},
  volume={3},
  number={1},
  pages={1-130},
  year={2009},
  publisher={Morgan \& Claypool Publishers}
}

@article{Mundry,
author = {Mundry, R and Nunn, C},
title = {Stepwise model fitting and statistical inference: Turning noise into signal pollution.},
journal = {The American Naturalist},
volume = {173},
number = {1},
pages = {119-123},
year = {2009}
}

@article{Steyerberg,
title = "Stepwise selection in small data sets: A simulation study of bias in logistic regression analysis",
journal = "Journal of Clinical Epidemiology",
volume = "52",
number = "10",
pages = "935 - 942",
year = "1999",
author = "E Steyerberg and M Eijkemans and D Habbema"
}

@article{Whittingham,
author = {Whittingham, M and Stephens, P and Bradbury, R and Freckleton, R},
title = {Why do we still use stepwise modelling in ecology and behaviour?},
journal = {Journal of Animal Ecology},
volume = {75},
number = {5},
pages = {1182-1189},
year = {2006}
}

@book{rms,
  title={Regression Modeling Strategies},
  author={Harrell, F},
  publisher={Springer},
  year = {2015}
}


@article{zou2005regularization,
  title={Regularization and variable selection via the elastic net},
  author={Zou, H and Hastie, T},
  journal={Journal of the Royal Statistical Society: Series B (Statistical Methodology)},
  volume={67},
  number={2},
  pages={301-320},
  year={2005},
  publisher={Wiley Online Library}
}

@book{wickham2016r,
  title={\textsf{R} for Data Science: {I}mport, Tidy, Transform, Visualize, and Model Data},
  author={Wickham, Hadley and Grolemund, Garrett},
  year={2016},
  publisher={O'Reilly Media, Inc.}
  }

@book{good2013permutation,
  title={Permutation tests: A Practical Guide to Resampling Methods for Testing Hypotheses},
  author={Good, Phillip},
  year={2013},
  publisher={Springer Science \& Business Media}
}

@book{berry2016permutation,
  title={Permutation Statistical Methods},
  author={Berry, Kenneth J and Mielke Jr, Paul W and Johnston, Janis E},
  year={2016},
  publisher={Springer}
}

@article{akaike1974new,
  title={A new look at the statistical model identification},
  author={Akaike, Hirotugu},
  journal={IEEE transactions on Automatic Control},
  volume={19},
  number={6},
  pages={716-723},
  year={1974},
  publisher={Ieee}
}

@article{rinnan2009review,
  title={Review of the most common pre-processing techniques for near-infrared spectra},
  author={Rinnan, {\AA}smund and Van Den Berg, Frans and Engelsen, S{\o}ren Balling},
  journal={TrAC Trends in Analytical Chemistry},
  volume={28},
  number={10},
  pages={1201-1222},
  year={2009},
  publisher={Elsevier}
}


@book{wand1994kernel,
  title={Kernel Smoothing},
  author={Wand, M and Jones, C},
  year={1994},
  publisher={Chapman and Hall/CRC}
}


@book{mitchell1998introduction,
  title={An Introduction to Genetic Algorithms},
  author={Mitchell, M},
  year={1998},
  publisher={MIT press}
}

@article{holland1992genetic,
  title={Genetic algorithms},
  author={Holland, John H},
  journal={Scientific American},
  volume={267},
  number={1},
  pages={66-73},
  year={1992},
  publisher={JSTOR}
}

@book{haupt1998practical,
  title={Practical Genetic Algorithms},
  author={Haupt, R and Haupt, S and Haupt, S},
  volume={2},
  year={1998},
  publisher={Wiley New York}
}

@article{kirkpatrick1983optimization,
  title={Optimization by simulated annealing},
  author={Kirkpatrick, S and Gelatt, D and Vecchi, M},
  journal={Science},
  volume={220},
  number={4598},
  pages={671-680},
  year={1983},
  publisher={American Association for the Advancement of Science}
}

@incollection{van1987simulated,
  title={Simulated Annealing},
  author={Van Laarhoven, P and Aarts, E},
  booktitle={Simulated Annealing: Theory and applications},
  pages={7-15},
  year={1987},
  publisher={Springer}
}

@article{mandal2006selc,
  title={{SELC}: {S}equential elimination of level combinations by means of modified genetic algorithms},
  author={Mandal, Abhyuday and Jeff Wu, CF and Johnson, Kjell},
  journal={Technometrics},
  volume={48},
  number={2},
  pages={273-283},
  year={2006},
  publisher={Taylor and Francis}
}

@article{harrington1965desirability,
  title={The desirability function},
  author={Harrington, E},
  journal={Industrial Quality Control},
  volume={21},
  number={10},
  pages={494-498},
  year={1965}
}


@article{Derringer:1980wq,
author = {Derringer, G and Suich, R},
title = {{Simultaneous optimization of several response variables}},
journal = {Journal of Quality Technology},
year = {1980},
volume = {12},
number = {4},
pages = {214-219}
}

@article{Costa:2011vv,
author = {Costa, N and Lourenco, J and Pereira, Z},
title = {{Desirability function approach: A review and performance evaluation in adverse conditions}},
journal = {Chemometrics and Intelligent Lab Systems},
year = {2011},
pages = {234-244},
volume = {107},
number = {2}
}

@article{del1996modified,
  title={Modified desirability functions for multiple response optimization},
  author={Del Castillo, Enrique and Montgomery, Douglas C and McCarville, Daniel R},
  journal={Journal of Quality Technology},
  volume={28},
  number={3},
  pages={337-345},
  year={1996},
  publisher={Taylor \& Francis}
}

@article{mandal2007identifying,
  title={Identifying promising compounds in drug discovery: Genetic algorithms and some new statistical techniques},
  author={Mandal, Abhyuday and Johnson, Kjell and Wu, CF Jeff and Bornemeier, Dirk},
  journal={Journal of Chemical Information and Modeling},
  volume={47},
  number={3},
  pages={981-988},
  year={2007},
  publisher={ACS Publications}
}

@book{holland1992adaptation,
  title={Adaptation in natural and artificial systems: An introductory analysis with applications to biology, control, and artificial intelligence},
  author={Holland, John Henry},
  year={1992},
  publisher={MIT press}
}

@book{Tan2006,
  author = {Tan, PN and Steinbach, M and Kumar, V},
  publisher = {Pearson Education},
  title = {Introduction to Data Mining},
  year = {2006}
}

@article{RobnikSikonja:2003uo,
author = {Robnik-Sikonja, M and Kononenko, I},
title = {Theoretical and empirical analysis of \textsf{ReliefF} and \textsf{RReliefF}},
journal = {Machine Learning},
year = {2003},
volume = {53},
number = {1},
pages = {23-69}
}

@article{geman1992neural,
  title={Neural networks and the bias/variance dilemma},
  author={Geman, S and Bienenstock, E and Doursat, R},
  journal={Neural Computation},
  volume={4},
  number={1},
  pages={1--58},
  year={1992},
  publisher={MIT Press}
}

@book{healy2018data,
  title={Data Visualization: A Practical Introduction},
  author={Healy, K},
  year={2018},
  publisher={Princeton University Press}
}


@article{Barker:2003p341,
  Author = {Barker, M and Rayens, W},
  Journal = {Journal of Chemometrics},
  Number = {3},
  Pages = {166--173},
  Title = {Partial Least Squares for Discrimination},
  Volume = {17},
  Year = {2003}
  }

@article{svetnik2003random,
  title={Random forest: A classification and regression tool for compound classification and {QSAR} modeling},
  author={Svetnik, V and Liaw, A and Tong, C and Culberson, C and Sheridan, R and Feuston, B},
  journal={Journal of Chemical Information and Computer Sciences},
  volume={43},
  number={6},
  pages={1947--1958},
  year={2003},
  publisher={ACS Publications}
}

@Article{Bickle2010,
author="Bickle, M",
title="The beautiful cell: High-content screening in drug discovery",
journal="Analytical and Bioanalytical Chemistry",
year="2010",
volume="398",
number="1",
pages="219--226"
}

@article{Giuliano,
author = {Giuliano, K and DeBiasio, R and Dunlay. T and Gough, A and Volosky, J and Zock, J and Pavlakis, G and Taylor, L},
title ={High-Content Screening: A New Approach to Easing Key Bottlenecks in the Drug Discovery Process},
journal = {Journal of Biomolecular Screening},
volume = {2},
number = {4},
pages = {249-259},
year = {1997}
}


@article{ZANELLA2010237,
title = "High content screening: Seeing is believing",
journal = "Trends in Biotechnology",
volume = "28",
number = "5",
pages = "237 - 245",
year = "2010",
author = "Zanella, F and Lorens, J and Link, W",
}


@book{Holmes,
  title={Modern Statistics for Modern Biology},
  author={Holmes, S and Huber, W},
  year={2019},
  publisher={Cambridge University Press}
}

@book{hammes2005spectroscopy,
  title={Spectroscopy for the Biological Sciences},
  author={Hammes, G},
  year={2005},
  publisher={John Wiley and Sons}
}

@article{yaddanapudi2016american,
  title={The {American Statistical Association} statement on P-values explained},
  author={Yaddanapudi, L},
  journal={Journal of Anaesthesiology, Clinical Pharmacology},
  volume={32},
  number={4},
  pages={421–423},
  year={2016}
}

@article{Wasserstein,
author = {Wasserstein, R and Lazar, N},
title = {The {ASA's} statement on p-Values: Context, process, and purpose},
journal = {The American Statistician},
volume = {70},
number = {2},
pages = {129-133},
year  = {2016}
}


@Article{Piironen2017,
author="Piironen, J and Vehtari, A",
title="Comparison of {Bayesian} predictive methods for model selection",
journal="Statistics and Computing",
year="2017",
volume="27",
number="3",
pages="711--735"
}

@article{piironen2017ejs,
author = "Piironen, J and Vehtari, A",
journal = "Electronic Journal of Statistics",
number = "2",
pages = "5018--5051",
title = "Sparsity information and regularization in the horseshoe and other shrinkage priors",
volume = "11",
year = "2017"
}

@article{mallick2013bayesian,
  title={Bayesian methods for high dimensional linear models},
  author={Mallick, H and Yi, N},
  journal={Journal of Biometrics and Biostatistics},
  volume={1},
  pages={005},
  year={2013}
}

@article{shmueli2010explain,
  title={To explain or to predict?},
  author={Shmueli, G},
  journal={Statistical science},
  volume={25},
  number={3},
  pages={289--310},
  year={2010},
  publisher={Institute of Mathematical Statistics}
}

@InProceedings{Bentley,
author="Bentley, P and Wakefield, J",
editor="Chawdhry, P and Roy, R and Pant, R",
title="Finding acceptable solutions in the {Pareto}-optimal range using multiobjective genetic algorithms",
booktitle="Soft Computing in Engineering Design and Manufacturing",
year="1998",
publisher="Springer",
pages="231--240"
}

@article{xue2013particle,
  title={Particle swarm optimization for feature selection in classification: {A} multi-objective approach},
  author={Xue, B and Zhang, M and Browne, W},
  journal={IEEE Transactions on Cybernetics},
  volume={43},
  number={6},
  pages={1656--1671},
  year={2013},
  publisher={IEEE}
}
